% BibTeX bibliography file

@Article{Baird.jacs10,
  author = {Baird, N. J. AND Ludtke, S. J. AND Khant, H. AND Chiu, W. AND Pan,
  T. AND Sosnick, T. R.},
  title = {Discrete structure of an {RNA} folding intermediate revealed by
  cryo-electron microscopy.},
  journal = {J. Am. Chem. Soc.},
  year = {2010},
  month = {November},
  volume = {132},
  number = {46},
  pages = {16352--16353}
}

@Article{Cao.bj09,
  author = {Cao, S. AND Chen, S. J.},
  title = {A new computational approach for mechanical folding kinetics of
  {RNA} hairpins.},
  journal = {Biophys. J.},
  year = {2009},
  month = {May},
  volume = {96},
  number = {10},
  pages = {4024--4034}
}

@Article{Dotu.nar10,
  author = {Dotu, I. AND Lorenz, W. A. AND Van Hentenryck, P. AND Clote, P.},
  title = {Computing folding pathways between {RNA} secondary structures.},
  journal = {Nucleic. Acids. Res.},
  year = {2010},
  volume = {38},
  number = {5},
  pages = {1711--1722}
}

@Article{FFTW05,
  author = {Frigo, Matteo and Johnson, Steven~G.},
  title = {The Design and Implementation of {FFTW3}},
  journal = {Proceedings of the IEEE},
  year = {2005},
  volume = {93},
  number = {2},
  pages = {216--231},
  note = {Special issue on ``Program Generation, Optimization, and Platform
  Adaptation''}
}

@Article{Flamm.r01,
  author = {Flamm, C. AND Hofacker, I. L. AND Maurer-Stroh, S. AND Stadler, P.
  F. AND Zehl, M.},
  title = {Design of multistable {RNA} molecules.},
  journal = {RNA.},
  year = {2001},
  month = {February},
  volume = {7},
  number = {2},
  pages = {254--265}
}

@Article{Freyhult.b07,
  author = {Freyhult, E. AND Moulton, V. AND Clote, P.},
  title = {Boltzmann probability of {RNA} structural neighbors and riboswitch
  detection.},
  journal = {Bioinformatics},
  year = {2007},
  month = {August},
  volume = {23},
  number = {16},
  pages = {2054--2062}
}

@Article{Geis.jmb08,
  author = {Geis, M. AND Flamm, C. AND Wolfinger, M. T. AND Tanzer, A. AND
  Hofacker, I. L. AND Middendorf, M. AND Mandl, C. AND Stadler, P. F. AND
  Thurner, C.},
  title = {Folding kinetics of large {RNAs}.},
  journal = {J. Mol. Biol.},
  year = {2008},
  month = {May},
  volume = {379},
  number = {1},
  pages = {160--173}
}

@Article{Gerdes.arg97,
  author = {Gerdes, K. AND Gultyaev, A. P. AND Franch, T. AND Pedersen, K. AND
  Mikkelsen, N. D.},
  title = {Antisense {RNA}-regulated programmed cell death.},
  journal = {Annu. Rev. Genet.},
  year = {1997},
  volume = {31},
  pages = {1--31}
}

@Article{LagrangeInterpolation,
  author = {Meijering, E.},
  title = {A chronology of interpolation: from ancient astronomy to modern
  signal and image processing},
  journal = {Proceedings of the IEEE},
  year = {2002},
  volume = {90},
  number = {3},
  pages = {319--342},
  note = {doi:10.1109/5.993400}
}

@Article{Li.bb12,
  author = {Li, Y. AND Zhang, S.},
  title = {Predicting folding pathways between {RNA} conformational structures
  guided by {RNA} stacks.},
  journal = {BMC. Bioinformatics},
  year = {2012},
  volume = {13},
  pages = {S5}
}

@Article{Lo.nar12,
  author = {Lo, W. C. AND Wang, L. F. AND Liu, Y. Y. AND Dai, T. AND Hwang, J.
  K. AND Lyu, P. C.},
  title = {{CPred}: a web server for predicting viable circular permutations in
  proteins.},
  journal = {Nucleic. Acids. Res.},
  year = {2012},
  month = {July},
  volume = {40},
  number = {Web},
  pages = {W232--W237}
}

@Article{Mitra.r11,
  author = {Mitra, S. AND Laederach, A. AND Golden, B. L. AND Altman, R. B. AND
  Brenowitz, M.},
  title = {{RNA} molecules with conserved catalytic cores but variable
  peripheries fold along unique energetically optimized pathways.},
  journal = {RNA.},
  year = {2011},
  month = {August},
  volume = {17},
  number = {8},
  pages = {1589--1603}
}

@Article{Moulton.jcb00,
  author = {Moulton, V. AND Zuker, M. AND Steel, M. AND Pointon, R. AND Penny,
  D.},
  title = {Metrics on {RNA} secondary structures},
  journal = {J. Comput. Biol.},
  year = {2000},
  volume = {7},
  pages = {277--292}
}

@Article{Neupane.nar11,
  author = {Neupane, K. AND Yu, H. AND Foster, D. A. AND Wang, F. AND Woodside,
  M. T.},
  title = {Single-molecule force spectroscopy of the add adenine riboswitch
  relates folding to regulatory mechanism.},
  journal = {Nucleic. Acids. Res.},
  year = {2011},
  month = {September},
  volume = {39},
  number = {17},
  pages = {7677--7687}
}

@Article{Tang.jmb08,
  author = {Tang, X. AND Thomas, S. AND Tapia, L. AND Giedroc, D. P. AND Amato,
  N. M.},
  title = {Simulating {RNA} folding kinetics on approximated energy
  landscapes.},
  journal = {J. Mol. Biol.},
  year = {2008},
  month = {September},
  volume = {381},
  number = {4},
  pages = {1055--1067}
}

@Article{Woodside.cocb08,
  author = {Woodside, M. T. AND Garcia-Garcia, C. AND Block, S. M.},
  title = {Folding and unfolding single {RNA} molecules under tension.},
  journal = {Curr. Opin. Chem. Biol.},
  year = {2008},
  month = {December},
  volume = {12},
  number = {6},
  pages = {640--646}
}

@Article{Wuchty.b99,
  author = {Wuchty, S. AND Fontana, W. AND Hofacker, I. L. AND Schuster, P.},
  title = {Complete suboptimal folding of {RNA} and the stability of secondary
  structures},
  journal = {Biopolymers},
  year = {1999},
  volume = {49},
  pages = {145--165}
}

@Article{Xayaphoummine.nar05,
  author = {Xayaphoummine, A. AND Bucher, T. AND Isambert, H.},
  title = {Kinefold web server for {RNA}/{DNA} folding path and structure
  prediction including pseudoknots and knots.},
  journal = {Nucleic. Acids. Res.},
  year = {2005},
  month = {July},
  volume = {33},
  number = {Web},
  pages = {W605--W610}
}

@Article{Zhao.bj10,
  author = {Zhao, P. AND Zhang, W. B. AND Chen, S. J.},
  title = {Predicting secondary structural folding kinetics for nucleic
  acids.},
  journal = {Biophys. J.},
  year = {2010},
  month = {April},
  volume = {98},
  number = {8},
  pages = {1617--1625}
}

@Article{Zhao.jcp11,
  author = {Zhao, P. AND Zhang, W. AND Chen, S. J.},
  title = {Cotranscriptional folding kinetics of ribonucleic acid secondary
  structures.},
  journal = {J. Chem. Phys.},
  year = {2011},
  month = {December},
  volume = {135},
  number = {24},
  pages = {245101}
}

@Article{condonNPcompleteBarrierPathJournal,
  author = {C. Thachuk AND J. Ma\v{n}uch AND L. Stacho AND A. Condon},
  title = {{NP}-completeness of the direct energy barrier height problem},
  journal = {Natural Computing},
  year = {2011},
  volume = {10},
  number = {1},
  pages = {391--405}
}

@Book{cormen,
  author = {T.H. Cormen and C.E. Leiserson and R.L. Rivest},
  title = {Algorithms},
  year = {1990},
  publisher = {McGraw-Hill},
  note = {1028 pages}
}

@Article{flamm,
  author = {C. Flamm and W. Fontana and I.L. Hofacker and P. Schuster},
  title = {{RNA} folding at elementary step resolution},
  journal = {RNA},
  year = {2000},
  volume = {6},
  pages = {325--338}
}

@PhdThesis{flammPhD,
  author = {Flamm, C.},
  title = {Kinetic Folding of {RNA}},
  year = {1998},
  school = {University of Vienna},
  note = {Department of Chemistry}
}

@Article{Flamm:00a,
  author = {Christoph Flamm and Walter Fontana and Ivo L.\ Hofacker and Peter
  Schuster},
  title = {{RNA} Folding at Elementary Step Resolution},
  journal = {RNA},
  year = {2000},
  volume = {6},
  pages = {325--338}
}

@PhdThesis{gabow,
  author = {H. Gabow},
  title = {Implementation of Algorithms for Maximum Matching on Nonbipartite
  Graphs},
  year = {1973},
  school = {Stanford University},
  note = {Department of Computer Science}
}

@InProceedings{hofacker:RNAbor2D,
  author = {Lorenz, R. AND Flamm, C. AND Hofacker, I.L.},
  title = {2{D} Projections of {RNA} folding Landscapes},
  booktitle = {German Conference on Bioinformatics 2009},
  editor = {I. Grosse AND S. Neumann AND S. Posch AND F. Schreiber AND P.F.
  Stadler},
  year = {2009},
  series = {Lecture Notes in Informatics},
  volume = {157},
  pages = {11--20}
}

@Article{lecuyerCrothers,
  author = {Lecuyer, K.A. AND Crothers, D.M.},
  title = {The {L}eptomonas collosoma spliced leader {RNA} can switch between
  two alternate structural forms},
  journal = {Biochemistry},
  year = {1993},
  volume = {32(20)},
  pages = {5301--5311}
}

@Article{morganHiggsBarrier,
  author = {S.R. Morgan and P.G. Higgs},
  title = {Barrier heights between ground states in a model of {RNA} secondary
  structure},
  journal = {J. Phys. A: Math. Gen.},
  year = {1998},
  volume = {31},
  pages = {3153--3170}
}

@Article{nussinovJacobson,
  author = {R. Nussinov and A. B. Jacobson},
  title = {Fast Algorithm for Predicting the Secondary Structure of Single
  Stranded {RNA}},
  journal = {Proceedings of the National Academy of Sciences, USA},
  year = {1980},
  volume = {77},
  number = {11},
  pages = {6309--6313}
}

@Book{pascal:CometBook,
  author = {Van Hentenryck, P.},
  title = {{Constraint Satisfaction in Logic Programming}},
  year = {1989},
  publisher = {The MIT Press},
  address = {Cambridge, MA}
}

@Article{xia:RNA,
  author = {T. Xia and J. SantaLucia, Jr. and M.E. Burkard and R. Kierzek and
  S.J. Schroeder and X. Jiao and C. Cox and D.H. Turner},
  title = {Thermodynamic parameters for an expanded nearest-neighbor model for
  formation of {RNA} duplexes with {W}atson-{C}rick base pairs},
  journal = {Biochemistry},
  year = {1999},
  volume = {37},
  pages = {14719--35}
}


@ARTICLE{Rieder.pnas10,
AUTHOR = {Rieder, U. AND Kreutz, C. AND Micura, R.},
TITLE = {Folding of a transcriptionally acting pre{Q1} riboswitch.},
JOURNAL = {Proc. Natl. Acad. Sci. U.S.A.},
VOLUME = {107},
PAGES = {10804--10809},
YEAR = {2010},
MONTH = Jun,
NUMBER = {24},
MEDLINE = {20534493},
KEYWORDS = {preQ1riboswitchMicura}
}


@ARTICLE{fftbor,
AUTHOR = "E. Senter AND  S. Sheik AND  I. Dotu AND  Y. Ponty AND  P. Clote", 
TITLE = "Using the {F}ast {F}ourier {T}ransform to accelerate the
         computational search for {RNA} conformational switches",
JOURNAL = "PLoS One",
VOLUME = {7},
NUMBER = {12},
PAGES = {e50506},
YEAR = {2012},
DOI  = "10.1371/journal.pone.0050506",
}


@ARTICLE{Fan05workingset,
    author = {Rong-en Fan and Pai-hsuen Chen and Chih-jen Lin},
    title = {Working set selection using the second order information for training SVM},
    journal = {JOURNAL OF MACHINE LEARNING RESEARCH},
    year = {2005},
    volume = {6},
    pages = {1889--1918}
}

@MISC{Chang01libsvm:a,
    author = {Chih-chung Chang and Chih-Jen Lin},
    title = {LIBSVM: a Library for Support Vector Machines},
    year = {2001}
}


@ARTICLE{Lowe.jcim11,
AUTHOR = {Lowe, R. AND Mussa, H. Y. AND Mitchell, J. B. AND Glen, R. C.},
TITLE = {Classifying molecules using a sparse probabilistic kernel binary classifier.},
JOURNAL = {J. Chem. Inf. Model.},
VOLUME = {51},
PAGES = {1539--1544},
YEAR = {2011},
MONTH = Jul,
NUMBER = {7},
MEDLINE = {21696153},
KEYWORDS = {rvmRVMrelevancevectormachine}
}


@INPROCEEDINGS{Tipping03fastmarginal,
    author = {Michael E. Tipping and Anita Faul and J J Thomson Avenue and J J Thomson Avenue},
    title = {Fast Marginal Likelihood Maximisation for Sparse Bayesian Models},
    booktitle = {Proceedings of the Ninth International Workshop on Artificial Intelligence and Statistics},
    year = {2003},
    pages = {3--6}
}

@ARTICLE{garcia.JBCBB13,
AUTHOR = "Garcia-Martin, J.A. AND Clote, P. AND Dotu, I.",
TITLE = "{RNAiFold}: A constraint programming algorithm for {RNA} inverse
         folding and molecular design",
JOURNAL = "J Bioinform Comput Biol",
VOLUME  = "11",
NUMBER  = "2",
PAGES   = "1350001",
YEAR    = "2013",
NOTE    = "in press",
KEYWORDS = {clotePublications2012}
}

@ARTICLE{Condamin.n07,
AUTHOR = {Condamin, S. AND Benichou, O. AND Tejedor, V. AND Voituriez, R. AND Klafter, J.},
TITLE = {First-passage times in complex scale-invariant media.},
JOURNAL = {Nature},
VOLUME = {450},
PAGES = {77--80},
YEAR = {2007},
MONTH = Nov,
NUMBER = {7166},
MEDLINE = {17972880},
KEYWORDS = {MFPTnatureFrenchmfptrandomwalk}
}

@ARTICLE{wolfingerStadler:kinetics,
AUTHOR = {Wolfinger, M. and Svrcek-Seiler1, W.A. and
         Flamm, C. and Stadler, P.F.},
TITLE   = {Efficient computation of {RNA} folding dynamics},
JOURNAL = {J Phys. A: {Math.} {G}en.},
VOLUME = {37},
PAGES = {4731-4741},
YEAR = {2004},
KEYWORDS = {kinetics}
}


@book{LAPACK,
    author = "E. Anderson AND Z. Bai AND C. Bischof AND S. Blackford AND 
              J. Demmel AND J. Dongarra AND J. Du Croz AND A. Greenbaum AND 
              S. Hammarling AND A. McKenney AND D. Sorensen",
    title  = "{LAPACK} {U}sers' {G}uide",
    year   = "1999",
    publisher = "Society for Industrial and Applied Mathematics {SIAM}",
    city      = "Philadelphia", 
    url       = "\url{http://classes.soe.ucsc.edu/ams213/Spring06/Lectures.html}"
}


@Article{meyerMFPT,
  author = "C.D. Meyer",
  title = "The role of the group inverse in the theory of finite 
           {M}arkov chains",
  journal = "SIAM Rev.",
  year = "1975",
  volume = "17",
  number = {46},
  pages = "443--464",
}


@Article{sparseInterpolation1,
  author = "E. Kaltofen AND W.-S. Lee",
  title  = "Early termination in sparse interpolation algorithms",
  journal = "J Symbolic Comput",
  year = "2003",
  volume = "36",
  pages = "365--400",
}


@Article{sparseInterpolation2,
  author = "Y. N. Lakshman AND B. D. Saunders",
  title  = "Sparse polynomial interpolation in nonstandard bases",
  journal = "SIAM J Comput",
  year = "1995",
  volume = "24",
  pages = "387--397",
}

@Article{Voss.b04,
  author = {Voss, B. AND Meyer, C. AND Giegerich, R.},
  title = {Evaluating the predictability of conformational switching in {RNA}},
  journal = {Bioinformatics},
  year = {2004},
  volume = {20},
  number = {10},
  pages = {1573-1582}
}

@Article{waldispuhlPontyRecomb,
  author = "J. Waldisp{\"u}hl AND Y. Ponty",
  title  = "An Unbiased Adaptive Sampling Algorithm for the Exploration of 
           {RNA} Mutational Landscapes Under Evolutionary Pressure", 
  journal = "Journal of Computational Biology",
  year = {2011},
  volume = {18},
  number = {11},
  pages = {1465--1479},
}

@article{mcCaskill,
      AUTHOR = "J.S. McCaskill",
      TITLE = "The equilibrium partition function and base pair binding
               probabilities for {RNA} secondary structure",
      JOURNAL = "Biopolymers",
      VOLUME = "29",
      PAGES = "1105--1119",
      YEAR = "1990"
}

