% BibTeX bibliography file

@Article{Anderson.b13,
  author = {Anderson, J. W. AND Haas, P. A. AND Mathieson, L. A. AND Volynkin,
  V. AND Lyngso, R. AND Tataru, P. AND Hein, J.},
  title = {Oxfold: kinetic folding of {RNA} using stochastic context-free
  grammars and evolutionary information.},
  journal = {Bioinformatics},
  year = {2013},
  month = {March},
  volume = {29},
  number = {6},
  pages = {704--710}
}

@Article{Aviram.amb12,
  author = {Aviram, I. AND Veltman, I. AND Churkin, A. AND Barash, D.},
  title = {Efficient procedures for the numerical simulation of mid-size {RNA}
  kinetics.},
  journal = {Algorithms. Mol. Biol.},
  year = {2012},
  volume = {7},
  number = {1},
  pages = {24}
}

@Article{Bujotzek.jcam11,
  author = {Bujotzek, A. AND Shan, M. AND Haag, R. AND Weber, M.},
  title = {Towards a rational spacer design for bivalent inhibition of estrogen
  receptor.},
  journal = {J. Comput. Aided. Mol. Des.},
  year = {2011},
  month = {March},
  volume = {25},
  number = {3},
  pages = {253--262}
}

@Article{Danilova.jbcb06,
  author = {Danilova, L. V. AND Pervouchine, D. D. AND Favorov, A. V. AND
  Mironov, A. A.},
  title = {{RNAKinetics}: a web server that models secondary structure kinetics
  of an elongating {RNA}.},
  journal = {J. Bioinform. Comput. Biol.},
  year = {2006},
  month = {April},
  volume = {4},
  number = {2},
  pages = {589--596}
}

@Article{FFTW05,
  author = {Frigo, Matteo and Johnson, Steven~G.},
  title = {The Design and Implementation of {FFTW3}},
  journal = {Proceedings of the IEEE},
  year = {2005},
  volume = {93},
  number = {2},
  pages = {216--231},
  note = {Special issue on ``Program Generation, Optimization, and Platform
  Adaptation''}
}

@Article{Fasting.acie12,
  author = {Fasting, C. AND Schalley, C. A. AND Weber, M. AND Seitz, O. AND
  Hecht, S. AND Koksch, B. AND Dernedde, J. AND Graf, C. AND Knapp, E. W. AND
  Haag, R.},
  title = {Multivalency as a chemical organization and action principle.},
  journal = {Angew. Chem. Int. Ed. Engl.},
  year = {2012},
  month = {October},
  volume = {51},
  number = {42},
  pages = {10472--10498}
}

@Article{Flamm.r01,
  author = {Flamm, C. AND Hofacker, I. L. AND Maurer-Stroh, S. AND Stadler, P.
  F. AND Zehl, M.},
  title = {Design of multistable {RNA} molecules.},
  journal = {RNA.},
  year = {2001},
  month = {February},
  volume = {7},
  number = {2},
  pages = {254--265}
}

@Article{Flamm:00a,
  author = {Christoph Flamm and Walter Fontana and Ivo L.\ Hofacker and Peter
  Schuster},
  title = {{RNA} Folding at Elementary Step Resolution},
  journal = {RNA},
  year = {2000},
  volume = {6},
  pages = {325--338}
}

@Article{Freyhult.b07,
  author = {Freyhult, E. AND Moulton, V. AND Clote, P.},
  title = {Boltzmann probability of {RNA} structural neighbors and riboswitch
  detection.},
  journal = {Bioinformatics},
  year = {2007},
  month = {August},
  volume = {23},
  number = {16},
  pages = {2054--2062}
}

@Article{Freyhult.nar07,
  author = {Freyhult, E. AND Moulton, V. AND Clote, P.},
  title = {{RNAbor}: a web server for {RNA} structural neighbors.},
  journal = {Nucleic. Acids. Res.},
  year = {2007},
  month = {July},
  volume = {35},
  number = {Web},
  pages = {W305--W309}
}

@Article{GarciaMartin.nar13,
  author = {Garcia-Martin, J. A. AND Clote, P. AND Dotu, I.},
  title = {{RNAiFold}: a web server for {RNA} inverse folding and molecular
  design.},
  journal = {Nucleic. Acids. Res.},
  year = {2013},
  month = {July},
  volume = {41},
  number = {Web},
  pages = {W465--W470}
}

@Article{Gardner.nar11,
  author = {Gardner, P. P. AND Daub, J. AND Tate, J. AND Moore, B. L. AND
  Osuch, I. H. AND Griffiths-Jones, S. AND Finn, R. D. AND Nawrocki, E. P. AND
  Kolbe, D. L. AND Eddy, S. R. AND Bateman, A.},
  title = {Rfam: {Wikipedia}, clans and the "decimal" release.},
  journal = {Nucleic. Acids. Res.},
  year = {2011},
  month = {January},
  volume = {39},
  number = {Database},
  pages = {D141--D145}
}

@Article{Geis.jmb08,
  author = {Geis, M. AND Flamm, C. AND Wolfinger, M. T. AND Tanzer, A. AND
  Hofacker, I. L. AND Middendorf, M. AND Mandl, C. AND Stadler, P. F. AND
  Thurner, C.},
  title = {Folding kinetics of large {RNAs}.},
  journal = {J. Mol. Biol.},
  year = {2008},
  month = {May},
  volume = {379},
  number = {1},
  pages = {160--173}
}

@Article{Gruber08,
  author = {AR. Gruber and R.~Lorenz and SH. Bernhart and R. Neubock and IL.
  Hofacker},
  title = {The Vienna RNA websuite},
  journal = {Nucleic Acids Research},
  year = {2008},
  volume = {36},
  pages = {70--74}
}

@Article{Hobartner.jmb03,
  author = {Hobartner, C. AND Micura, R.},
  title = {Bistable secondary structures of small {RNAs} and their structural
  probing by comparative imino proton {NMR} spectroscopy.},
  journal = {J. Mol. Biol.},
  year = {2003},
  month = {January},
  volume = {325},
  number = {3},
  pages = {421--431}
}

@Article{Hochrein.jacs13,
  author = {Hochrein, L. M. AND Schwarzkopf, M. AND Shahgholi, M. AND Yin, P.
  AND Pierce, N. A.},
  title = {Conditional {Dicer} substrate formation via shape and sequence
  transduction with small conditional {RNAs}.},
  journal = {J. Am. Chem. Soc.},
  year = {2013},
  month = {November},
  volume = {135},
  number = {46},
  pages = {17322--17330}
}

@Article{Huang.bb14,
  author = {Huang, J. AND Voss, B.},
  title = {Analysing {RNA}-kinetics based on folding space abstraction.},
  journal = {BMC. Bioinformatics},
  year = {2014},
  volume = {15},
  pages = {60}
}

@Article{Lai.r13,
  author = {Lai, D. AND Proctor, J. R. AND Meyer, I. M.},
  title = {On the importance of cotranscriptional {RNA} structure formation.},
  journal = {RNA.},
  year = {2013},
  month = {November},
  volume = {19},
  number = {11},
  pages = {1461--1473}
}

@Article{Lorenz.amb11,
  author = {Lorenz, R. AND Bernhart, S. H. AND Honer Zu Siederdissen, C. AND
  Tafer, H. AND Flamm, C. AND Stadler, P. F. AND Hofacker, I. L.},
  title = {ViennaRNA {Package} 2.0.},
  journal = {Algorithms. Mol. Biol.},
  year = {2011},
  volume = {6},
  pages = {26}
}

@Article{Senter.jmb14,
  author = {Senter, E. AND Dotu, I. AND Clote, P.},
  title = {{RNA} folding pathways and kinetics using {2D} energy landscapes},
  journal = {J Math Biol},
  year = {2014}
}

@Article{Senter.po12,
  author = {Senter, E. AND Sheikh, S. AND Dotu, I. AND Ponty, Y. AND Clote,
  P.},
  title = {Using the fast fourier transform to accelerate the computational
  search for {RNA} conformational switches.},
  journal = {PLoS. One.},
  year = {2012},
  volume = {7},
  number = {12},
  pages = {e50506}
}

@Article{Shapiro.jmb01,
  author = {Shapiro, B. A. AND Bengali, D. AND Kasprzak, W. AND Wu, J. C.},
  title = {{RNA} folding pathway functional intermediates: their prediction and
  analysis.},
  journal = {J. Mol. Biol.},
  year = {2001},
  month = {September},
  volume = {312},
  number = {1},
  pages = {27--44}
}

@Article{Tang.jcb05,
  author = {Tang, X. AND Kirkpatrick, B. AND Thomas, S. AND Song, G. AND Amato,
  N. M.},
  title = {Using motion planning to study {RNA} folding kinetics.},
  journal = {J. Comput. Biol.},
  year = {2005},
  volume = {12},
  number = {6},
  pages = {862--881}
}

@Article{Tang.jmb08,
  author = {Tang, X. AND Thomas, S. AND Tapia, L. AND Giedroc, D. P. AND Amato,
  N. M.},
  title = {Simulating {RNA} folding kinetics on approximated energy
  landscapes.},
  journal = {J. Mol. Biol.},
  year = {2008},
  month = {September},
  volume = {381},
  number = {4},
  pages = {1055--1067}
}

@Article{Thachuk.psb10,
  author = {Thachuk, C. AND Manuch, J. AND Rafiey, A. AND Mathieson, L. A. AND
  Stacho, L. AND Condon, A.},
  title = {An algorithm for the energy barrier problem without pseudoknots and
  temporary arcs.},
  journal = {Pac Symp Biocomput.},
  year = {2010:108-19},
  volume = {0},
  number = {O},
  pages = {O}
}

@Article{Turner.nar10,
  author = {Turner, D. H. AND Mathews, D. H.},
  title = {{NNDB}: the nearest neighbor parameter database for predicting
  stability of nucleic acid secondary structure.},
  journal = {Nucleic. Acids. Res.},
  year = {2010},
  month = {January},
  volume = {38},
  number = {Database},
  pages = {D280--D282}
}

@Article{Vieregg.mp06,
  author = {Vieregg, J. R. AND Tinoco, I.},
  title = {Modelling {RNA} folding under mechanical tension.},
  journal = {Mol. Phys.},
  year = {2006},
  month = {April},
  volume = {104},
  number = {8},
  pages = {1343--1352}
}

@Article{Wachsmuth.nar13,
  author = {Wachsmuth, M. AND Findeiss, S. AND Weissheimer, N. AND Stadler, P.
  F. AND Morl, M.},
  title = {De novo design of a synthetic riboswitch that regulates
  transcription termination.},
  journal = {Nucleic. Acids. Res.},
  year = {2013},
  month = {February},
  volume = {41},
  number = {4},
  pages = {2541--2551}
}

@Article{Wuchty.b99,
  author = {Wuchty, S. AND Fontana, W. AND Hofacker, I. L. AND Schuster, P.},
  title = {Complete suboptimal folding of {RNA} and the stability of secondary
  structures},
  journal = {Biopolymers},
  year = {1999},
  volume = {49},
  pages = {145--165}
}

@Article{Xayaphoummine.nar05,
  author = {Xayaphoummine, A. AND Bucher, T. AND Isambert, H.},
  title = {Kinefold web server for {RNA}/{DNA} folding path and structure
  prediction including pseudoknots and knots.},
  journal = {Nucleic. Acids. Res.},
  year = {2005},
  month = {July},
  volume = {33},
  number = {Web},
  pages = {W605--W610}
}

@Article{Zadeh.jcc11,
  author = {Zadeh, J. N. AND Wolfe, B. R. AND Pierce, N. A.},
  title = {Nucleic acid sequence design via efficient ensemble defect
  optimization.},
  journal = {J. Comput. Chem.},
  year = {2011},
  month = {February},
  volume = {32},
  number = {3},
  pages = {439--452}
}

@Article{Zhao.jcp11,
  author = {Zhao, P. AND Zhang, W. AND Chen, S. J.},
  title = {Cotranscriptional folding kinetics of ribonucleic acid secondary
  structures.},
  journal = {J. Chem. Phys.},
  year = {2011},
  month = {December},
  volume = {135},
  number = {24},
  pages = {245101}
}

@Article{anfinsen,
  author = {C. B. Anfinsen},
  title = {Principles that govern the folding of protein chains},
  journal = {Science},
  year = {1973},
  volume = {181},
  pages = {223-230}
}

@Book{cloteBackofen:book,
  author = {P. Clote and R. Backofen},
  title = {Computational Molecular Biology: An Introduction},
  year = {2000},
  publisher = {John Wiley \& Sons},
  note = {279 pages}
}

@Article{flamm,
  author = {C. Flamm and W. Fontana and I.L. Hofacker and P. Schuster},
  title = {{RNA} folding at elementary step resolution},
  journal = {RNA},
  year = {2000},
  volume = {6},
  pages = {325--338}
}

@Article{flammHofacker,
  author = {C. Flamm and I.L. Hofacker and P.F. Stadler and M. Wolfinger},
  title = {Barrier trees of degenerate landscapes},
  journal = {Z. Phys. Chem.},
  year = {2002},
  volume = {216},
  pages = {155--173}
}

@Misc{flammPhD,
  author = {Flamm, C.},
  title = {Kinetic Folding of {RNA}},
  year = {1998}
}

@Article{garcia.JBCBB13,
  author = {Garcia-Martin, J.A. AND Clote, P. AND Dotu, I.},
  title = {{RNAiFold}: A constraint programming algorithm for {RNA} inverse
  folding and molecular design},
  journal = {J Bioinform Comput Biol},
  year = {2013},
  volume = {11},
  number = {2},
  pages = {1350001},
  note = {in press}
}

@Article{gillespieStochasticSimulation1,
  author = {D.T. Gillespie},
  title = {A general method for numerically simulating the stochastic time
  evolution of coupled chemical reactions},
  journal = {J Comp Phys},
  year = {1976},
  volume = {22},
  number = {403},
  pages = {403--434}
}

@InProceedings{hofacker:RNAbor2D,
  author = {Lorenz, R. AND Flamm, C. AND Hofacker, I.L.},
  title = {2{D} Projections of {RNA} folding Landscapes},
  booktitle = {German Conference on Bioinformatics 2009},
  editor = {I. Grosse AND S. Neumann AND S. Posch AND F. Schreiber AND P.F.
  Stadler},
  year = {2009},
  series = {Lecture Notes in Informatics},
  volume = {157},
  pages = {11--20}
}

@Article{lecuyerCrothers,
  author = {Lecuyer, K.A. AND Crothers, D.M.},
  title = {The {L}eptomonas collosoma spliced leader {RNA} can switch between
  two alternate structural forms},
  journal = {Biochemistry},
  year = {1993},
  volume = {32(20)},
  pages = {5301--5311}
}

@Book{matrixTheory,
  author = {Joel N. Franklin},
  title = {Matrix Theory},
  year = {2000},
  publisher = {Dover Publications, Mineola, New York},
  note = {292 pages}
}

@Article{metropolis:MonteCarlo,
  author = {N. Metropolis and A.W. Rosenbluth and M.N. Rosenbluth and A.H.
  Teller and E. Teller},
  title = {Equation of state calculations by fast computing machines},
  journal = {J. Chem. Phys.},
  year = {1953},
  volume = {21},
  pages = {1087--1092}
}

@Article{meyerMFPT,
  author = {C.D. Meyer},
  title = {The role of the group inverse in the theory of finite {M}arkov
  chains},
  journal = {SIAM Rev.},
  year = {1975},
  volume = {17},
  number = {46},
  pages = {443--464}
}

@Article{morganHiggsBarrier,
  author = {S.R. Morgan and P.G. Higgs},
  title = {Barrier heights between ground states in a model of {RNA} secondary
  structure},
  journal = {J. Phys. A: Math. Gen.},
  year = {1998},
  volume = {31},
  pages = {3153--3170}
}


@Article{turner,
  author = {Matthews, D.H. and Sabina, J. and Zuker, M. and Turner, D.H.},
  title = {Expanded sequence dependence of thermodynamic parameters improves
  prediction of {RNA} secondary structure},
  journal = {J. Mol. Biol.},
  year = {1999},
  volume = {288},
  pages = {911--940}
}

@Book{waterman:book,
  author = {M.S. Waterman},
  title = {Introduction to Computational Biology: {M}aps, Sequences and
  Genomes},
  year = {1995},
  publisher = {Chapman \& Hall/CRC Press}
}

@Article{wolfingerStadler:kinetics,
  author = {Wolfinger, M. and Svrcek-Seiler1, W.A. and Flamm, C. and Stadler,
  P.F.},
  title = {Efficient computation of {RNA} folding dynamics},
  journal = {J Phys. A: {Math.} {G}en.},
  year = {2004},
  volume = {37},
  pages = {4731-4741}
}

@Article{wuchtyFontanaHofackerSchuster,
  author = {S. Wuchty and W. Fontana and I.L. Hofacker and P. Schuster},
  title = {Complete suboptimal folding of {RNA} and the stability of secondary
  structures},
  journal = {Biopolymers},
  year = {1999},
  volume = {49},
  pages = {145--164}
}

@Article{syntheticHammerheads,
  author = {I. Dotu and J.A. Garcia-Martin and B.L. Slinger and 
            V. Mechery and M.M. Meyer and P. Clote},
  title = {Complete {RNA} inverse folding: computational design of 
           functional hammerhead ribozymes},
  journal = {Nucleic Acids Res.},
  year = {2014},
  volume = {},
  pages = {},
  note  = {in press}
}

