
@Article{abreugoodger2005ribex,
  author	= {Abreu-Goodger, Cei and Merino, Enrique},
  title		= {{RibEx: a web server for locating riboswitches and other
		  conserved bacterial regulatory elements.}},
  journal	= {Nucleic acids research},
  year		= {2005},
  month		= {July},
  volume	= {33},
  number	= {Web Server issue},
  url		= {http://dx.doi.org/10.1093/nar/gki445},
  abstract	= {{We present RibEx (riboswitch explorer), a web server
		  capable of searching any sequence for known riboswitches as
		  well as other predicted, but highly conserved, bacterial
		  regulatory elements. It allows the visual inspection of the
		  identified motifs in relation to attenuators and open
		  reading frames (ORFs). Any of the ORF's or regulatory
		  elements' sequence can be obtained with a click and
		  submitted to NCBI's BLAST. Alternatively, the genome
		  context of all other genes regulated by the same element
		  can be explored with our genome context tool (GeConT).
		  RibEx is available at
		  http://www.ibt.unam.mx/biocomputo/ribex.html.}}
}

@Article{altschulerikson:dinucleotideshuffle,
  author	= "S.F. Altschul and B.W. Erikson",
  title		= "Significance of Nucleotide Sequence Alignments: {A} Method
		  for Random Sequence Permutation That Preserves Dinucleotide
		  and Codon Usage",
  journal	= "Mol. Biol. Evol",
  year		= "1985",
  volume	= "2(6)",
  pages		= "526--538"
}

@Article{anderson.b13,
  author	= {Anderson, J. W. AND Haas, P. A. AND Mathieson, L. A. AND
		  Volynkin, V. AND Lyngso, R. AND Tataru, P. AND Hein, J.},
  title		= {Oxfold: kinetic folding of {RNA} using stochastic
		  context-free grammars and evolutionary information.},
  journal	= {Bioinformatics},
  year		= {2013},
  month		= {March},
  volume	= {29},
  number	= {6},
  pages		= {704--710}
}

@Article{andronescu04,
  author	= {M. Andronescu and AP. Fejes and F. Hutter and HH. Hoos and
		  A. Condon},
  title		= {A new algorithm for RNA secondary structure design},
  journal	= {J Mol Biol.},
  year		= {2004},
  volume	= {336},
  pages		= {607--624}
}

@Article{anfinsen,
  author	= {C. B. Anfinsen},
  title		= {Principles that govern the folding of protein chains},
  journal	= {Science},
  year		= {1973},
  volume	= {181},
  pages		= {223-230}
}

@Article{aviram.amb12,
  author	= {Aviram, I. AND Veltman, I. AND Churkin, A. AND Barash,
		  D.},
  title		= {Efficient procedures for the numerical simulation of
		  mid-size {RNA} kinetics.},
  journal	= {Algorithms. Mol. Biol.},
  year		= {2012},
  volume	= {7},
  number	= {1},
  pages		= {24}
}

@Article{baird.jacs10,
  author	= {Baird, N. J. AND Ludtke, S. J. AND Khant, H. AND Chiu, W.
		  AND Pan, T. AND Sosnick, T. R.},
  title		= {Discrete structure of an {RNA} folding intermediate
		  revealed by cryo-electron microscopy.},
  journal	= {J. Am. Chem. Soc.},
  year		= {2010},
  month		= {November},
  volume	= {132},
  number	= {46},
  pages		= {16352--16353}
}

@Article{bengert2004riboswitch,
  author	= {Bengert, Peter and Dandekar, Thomas},
  title		= {{Riboswitch finder--a tool for identification of
		  riboswitch {R}{N}{A}s}},
  journal	= {Nucl. Acids Res.},
  year		= {2004},
  month		= {July},
  volume	= {32},
  number	= {suppl\_2},
  pages		= {W154--159},
  address	= {Biochemiezentrum, Project Group B2 (Dandekar/Schirmer),
		  University of Heidelberg, Im Neuenheimer Feld 504, 69120
		  Heidelberg, Germany.},
  url		= {http://dx.doi.org/10.1093/nar/gkh352},
  abstract	= {{We describe a dedicated {R}{N}{A} motif search program
		  and web server to identify {R}{N}{A} riboswitches. The
		  Riboswitch finder analyses a given sequence using the web
		  interface, checks specific sequence elements and secondary
		  structure, calculates and displays the energy folding of
		  the {R}{N}{A} structure and runs a number of tests
		  including this information to determine whether
		  high-sensitivity riboswitch motifs (or variants) according
		  to the Bacillus subtilis type are present in the given
		  {R}{N}{A} sequence. Batch-mode determination (all sequences
		  input at once and separated by FASTA format) is also
		  possible. The program has been implemented and is available
		  both as local software for in-house installation and as a
		  web server at
		  http://www.biozentrum.uni-wuerzburg.de/bioinformatik/Riboswitch/.
		  10.1093/nar/gkh352}}
}

@Article{bergig.isb04,
  author	= {Bergig, O. AND Barash, D. AND Nudler, E. AND Kedem, K.},
  title		= {{STR2}: a structure to string approach for locating
		  {G}-box riboswitch shapes in pre-selected genes.},
  journal	= {In. Silico. Biol.},
  year		= {2004},
  volume	= {4},
  number	= {4},
  pages		= {593--604}
}

@Article{blast,
  author	= {Altschul, S. F. AND Gish, W. AND Miller, W. AND Myers, E.
		  W. AND Lipman, D. J.},
  title		= {Basic local alignment search tool.},
  journal	= {J. Mol. Biol.},
  year		= {1990},
  month		= {October},
  volume	= {215},
  number	= {3},
  pages		= {403--410}
}

@Article{breaker:riboswitch2,
  author	= {A. Serganov and Y.R. Yuan and O. Pikovskaya and A.
		  Polonskaia and L. Malinina and A.T. Phan and C. Hobartner
		  and R. Micura and R.R. Breaker and D.J. Patel},
  title		= {Structural Basis for Discriminative Regulation of Gene
		  Expression by Adenine- and Guanine-Sensing {mRNAs}},
  journal	= {Chem. Biol.},
  year		= {2004},
  volume	= {11(12)},
  pages		= {1729-1741}
}

@Article{bryngelson.p95,
  author	= {Bryngelson, J. D. AND Onuchic, J. N. AND Socci, N. D. AND
		  Wolynes, P. G.},
  title		= {Funnels, pathways, and the energy landscape of protein
		  folding: a synthesis.},
  journal	= {Proteins.},
  year		= {1995},
  month		= {March},
  volume	= {21},
  number	= {3},
  pages		= {167--195}
}

@Article{bujotzek.jcam11,
  author	= {Bujotzek, A. AND Shan, M. AND Haag, R. AND Weber, M.},
  title		= {Towards a rational spacer design for bivalent inhibition
		  of estrogen receptor.},
  journal	= {J. Comput. Aided. Mol. Des.},
  year		= {2011},
  month		= {March},
  volume	= {25},
  number	= {3},
  pages		= {253--262}
}

@Article{busch06,
  author	= {A. Busch and R. Backofen},
  title		= {INFO-RNA, A fast approach to inverse RNA folding},
  journal	= {Bioinformatics},
  year		= {2006},
  volume	= {22},
  number	= {15},
  pages		= {1823--1831}
}

@Article{cao.bj09,
  author	= {Cao, S. AND Chen, S. J.},
  title		= {A new computational approach for mechanical folding
		  kinetics of {RNA} hairpins.},
  journal	= {Biophys. J.},
  year		= {2009},
  month		= {May},
  volume	= {96},
  number	= {10},
  pages		= {4024--4034}
}

@Misc{chang01libsvm:a,
  author	= {Chih-chung Chang and Chih-Jen Lin},
  title		= {LIBSVM: a Library for Support Vector Machines},
  year		= {2001}
}

@Article{chang2009computational,
  author	= {Chang, Tzu-Hao and Huang, Hsien-Da and Wu, Li-Ching and
		  Yeh, Chi-Ta and Liu, Baw-Jhiune and Horng, Jorng-Tzong},
  title		= {{Computational identification of riboswitches based on
		  {R}{N}{A} conserved functional sequences and
		  conformations}},
  journal	= {{R}{N}{A}},
  year		= {2009},
  month		= {July},
  volume	= {15},
  number	= {7},
  pages		= {1426--1430},
  url		= {http://dx.doi.org/10.1261/rna.1623809},
  abstract	= {{10.1261/rna.1623809 Riboswitches are -acting genetic
		  regulatory elements within a specific m{R}{N}{A} that can
		  regulate both transcription and translation by interacting
		  with their corresponding metabolites. Recently, an
		  increasing number of riboswitches have been identified in
		  different species and investigated for their roles in
		  regulatory functions. Both the sequence contexts and
		  structural conformations are important characteristics of
		  riboswitches. None of the previously developed tools, such
		  as covariance models (CMs), Riboswitch finder, and RibEx,
		  provide a web server for efficiently searching homologous
		  instances of known riboswitches or considers two crucial
		  characteristics of each riboswitch, such as the structural
		  conformations and sequence contexts of functional regions.
		  Therefore, we developed a systematic method for identifying
		  12 kinds of riboswitches. The method is implemented and
		  provided as a web server, RiboSW, to efficiently and
		  conveniently identify riboswitches within messenger
		  {R}{N}{A} sequences. The predictive accuracy of the
		  proposed method is comparable with other previous tools.
		  The efficiency of the proposed method for identifying
		  riboswitches was improved in order to achieve a reasonable
		  computational time required for the prediction, which makes
		  it possible to have an accurate and convenient web server
		  for biologists to obtain the results of their analysis of a
		  given m{R}{N}{A} sequence. RiboSW is now available on the
		  web at .}}
}

@Book{clotebackofen:book,
  author	= {P. Clote and R. Backofen},
  title		= {Computational Molecular Biology: An Introduction},
  year		= {2000},
  publisher	= {John Wiley \& Sons},
  note		= {279 pages}
}

@Article{cloteloulorenz,
  author	= {Clote, P. AND Lou, F. AND Lorenz, W.A.},
  title		= {Maximum expected accuracy structural neighbors of an {RNA}
		  secondary structure},
  journal	= {BMC Bioinformatics},
  year		= {2012},
  month		= {April},
  volume	= {13},
  number	= {Suppl 5},
  pages		= {S6}
}

@Article{clowalbehste05,
  author	= {Clote, P. and Waldisp{\"u}hl, J. and Behzadi, B. and
		  Steyaert, J.-M.},
  title		= {Exploring the energy landscape of $k$-point mutagens of
		  RNA},
  journal	= {Bioinformatics},
  year		= {2005},
  volume	= {21},
  pages		= {4140-4147}
}

@Article{condamin.n07,
  author	= {Condamin, S. AND Benichou, O. AND Tejedor, V. AND
		  Voituriez, R. AND Klafter, J.},
  title		= {First-passage times in complex scale-invariant media.},
  journal	= {Nature},
  volume	= {450},
  pages		= {77--80},
  year		= {2007},
  month		= nov,
  number	= {7166},
  medline	= {17972880},
  keywords	= {MFPTnatureFrenchmfptrandomwalk}
}

@Article{condonnpcompletebarrierpathjournal,
  author	= {C. Thachuk AND J. Ma\v{n}uch AND L. Stacho AND A. Condon},
  title		= {{NP}-completeness of the direct energy barrier height
		  problem},
  journal	= {Natural Computing},
  year		= {2011},
  volume	= {10},
  number	= {1},
  pages		= {391--405}
}

@Book{cormen,
  author	= {T.H. Cormen and C.E. Leiserson and R.L. Rivest},
  title		= {Algorithms},
  year		= {1990},
  publisher	= {McGraw-Hill},
  note		= {1028 pages}
}

###Book{cormen,
  author	= {T.H. Cormen and C.E. Leiserson and R.L. Rivest},
  title		= {Algorithms},
  year		= {1990},
  publisher	= {McGraw-Hill},
  note		= {1028 pages}
}

@Article{danilova.jbcb06,
  author	= {Danilova, L. V. AND Pervouchine, D. D. AND Favorov, A. V.
		  AND Mironov, A. A.},
  title		= {{RNAKinetics}: a web server that models secondary
		  structure kinetics of an elongating {RNA}.},
  journal	= {J. Bioinform. Comput. Biol.},
  year		= {2006},
  month		= {April},
  volume	= {4},
  number	= {2},
  pages		= {589--596}
}

@Article{ding.nar03,
  author	= {Ding, Y. AND Lawrence, C. E.},
  title		= {A statistical sampling algorithm for {RNA} secondary
		  structure prediction.},
  journal	= {Nucleic. Acids. Res.},
  year		= {2003},
  volume	= {31},
  pages		= {7280--7301}
}

@Article{dotu.nar10,
  author	= {Dotu, I. AND Lorenz, W. A. AND VAN Hentenryck, P. AND
		  Clote, P.},
  title		= {Computing folding pathways between {RNA} secondary
		  structures.},
  journal	= {Nucleic. Acids. Res.},
  year		= {2010},
  volume	= {38},
  number	= {5},
  pages		= {1711--1722}
}

###Article{dotu.nar10,
  author	= {Dotu, I. AND Lorenz, W. A. AND Van Hentenryck, P. AND
		  Clote, P.},
  title		= {Computing folding pathways between {RNA} secondary
		  structures.},
  journal	= {Nucleic. Acids. Res.},
  year		= {2010},
  volume	= {38},
  number	= {5},
  pages		= {1711--1722}
}

@Article{fan05workingset,
  author	= {Rong-en Fan and Pai-hsuen Chen and Chih-jen Lin},
  title		= {Working set selection using the second order information
		  for training SVM},
  journal	= {JOURNAL OF MACHINE LEARNING RESEARCH},
  year		= {2005},
  volume	= {6},
  pages		= {1889--1918}
}

@Article{fasting.acie12,
  author	= {Fasting, C. AND Schalley, C. A. AND Weber, M. AND Seitz,
		  O. AND Hecht, S. AND Koksch, B. AND Dernedde, J. AND Graf,
		  C. AND Knapp, E. W. AND Haag, R.},
  title		= {Multivalency as a chemical organization and action
		  principle.},
  journal	= {Angew. Chem. Int. Ed. Engl.},
  year		= {2012},
  month		= {October},
  volume	= {51},
  number	= {42},
  pages		= {10472--10498}
}

@Article{fftbor,
  author	= "E. Senter AND S. Sheik AND I. Dotu AND Y. Ponty AND P.
		  Clote",
  title		= "Using the {F}ast {F}ourier {T}ransform to accelerate the
		  computational search for {RNA} conformational switches",
  journal	= "PLoS One",
  volume	= {7},
  number	= {12},
  pages		= {e50506},
  year		= {2012},
  doi		= "10.1371/journal.pone.0050506"
}

@Article{fftw05,
  author	= {Frigo, Matteo and Johnson, Steven~G.},
  title		= {The Design and Implementation of {FFTW3}},
  journal	= {Proceedings of the IEEE},
  year		= {2005},
  volume	= {93},
  number	= {2},
  pages		= {216--231},
  note		= {Special issue on ``Program Generation, Optimization, and
		  Platform Adaptation''}
}

###Article{fftw05,
  author	= {Frigo, Matteo and Johnson, Steven~G.},
  title		= {The Design and Implementation of {FFTW3}},
  journal	= {Proceedings of the IEEE},
  year		= {2005},
  volume	= {93},
  number	= {2},
  pages		= {216--231},
  note		= {Special issue on ``Program Generation, Optimization, and
		  Platform Adaptation''}
}

###Article{fftw05,
  author	= {Frigo, Matteo and Johnson, Steven~G.},
  title		= {The Design and Implementation of {FFTW3}},
  journal	= {Proceedings of the IEEE},
  year		= {2005},
  volume	= {93},
  number	= {2},
  pages		= {216--231},
  note		= {Special issue on ``Program Generation, Optimization, and
		  Platform Adaptation''}
}

@Article{flamm,
  author	= {C. Flamm and W. Fontana and I.L. Hofacker and P.
		  Schuster},
  title		= {{RNA} folding at elementary step resolution},
  journal	= {RNA},
  year		= {2000},
  volume	= {6},
  pages		= {325--338}
}

###Article{flamm,
  author	= {C. Flamm and W. Fontana and I.L. Hofacker and P.
		  Schuster},
  title		= {{RNA} folding at elementary step resolution},
  journal	= {RNA},
  year		= {2000},
  volume	= {6},
  pages		= {325--338}
}

###Article{flamm,
  author	= {C. Flamm and W. Fontana and I.L. Hofacker and P.
		  Schuster},
  title		= {{RNA} folding at elementary step resolution},
  journal	= {RNA},
  year		= {2000},
  volume	= {6},
  pages		= {325--338}
}

@Article{flamm.r01,
  author	= {Flamm, C. AND Hofacker, I. L. AND Maurer-Stroh, S. AND
		  Stadler, P. F. AND Zehl, M.},
  title		= {Design of multistable {RNA} molecules.},
  journal	= {RNA.},
  year		= {2001},
  month		= {February},
  volume	= {7},
  number	= {2},
  pages		= {254--265}
}

###Article{flamm.r01,
  author	= {Flamm, C. AND Hofacker, I. L. AND Maurer-Stroh, S. AND
		  Stadler, P. F. AND Zehl, M.},
  title		= {Design of multistable {RNA} molecules.},
  journal	= {RNA.},
  year		= {2001},
  month		= {February},
  volume	= {7},
  number	= {2},
  pages		= {254--265}
}

###Article{flamm.r01,
  author	= {Flamm, C. AND Hofacker, I. L. AND Maurer-Stroh, S. AND
		  Stadler, P. F. AND Zehl, M.},
  title		= {Design of multistable {RNA} molecules.},
  journal	= {RNA.},
  year		= {2001},
  month		= {February},
  volume	= {7},
  number	= {2},
  pages		= {254--265}
}

@Article{flamm:00a,
  author	= {Christoph Flamm and Walter Fontana and Ivo L.\ Hofacker
		  and Peter Schuster},
  title		= {{RNA} Folding at Elementary Step Resolution},
  journal	= {RNA},
  year		= {2000},
  volume	= {6},
  pages		= {325--338}
}

###Article{flamm:00a,
  author	= {Christoph Flamm and Walter Fontana and Ivo L.\ Hofacker
		  and Peter Schuster},
  title		= {{RNA} Folding at Elementary Step Resolution},
  journal	= {RNA},
  year		= {2000},
  volume	= {6},
  pages		= {325--338}
}

@Article{flammhofacker,
  author	= {C. Flamm and I.L. Hofacker and P.F. Stadler and M.
		  Wolfinger},
  title		= {Barrier trees of degenerate landscapes},
  journal	= {Z. Phys. Chem.},
  year		= {2002},
  volume	= {216},
  pages		= {155--173}
}

@PhDThesis{flammphd,
  author	= {Flamm, C.},
  title		= {Kinetic Folding of {RNA}},
  year		= {1998},
  school	= {University of Vienna},
  note		= {Department of Chemistry}
}

###Misc{flammphd,
  author	= {Flamm, C.},
  title		= {Kinetic Folding of {RNA}},
  year		= {1998}
}

@Article{freyhult.ab05,
  author	= {Freyhult, E. AND Moulton, V. AND Gardner, P.},
  title		= {Predicting {RNA} structure using mutual information.},
  journal	= {Appl. Bioinformatics},
  year		= {2005},
  volume	= {4},
  number	= {1},
  pages		= {53--59}
}

@Article{freyhult.b07,
  author	= {Freyhult, E. AND Moulton, V. AND Clote, P.},
  title		= {Boltzmann probability of {RNA} structural neighbors and
		  riboswitch detection.},
  journal	= {Bioinformatics},
  year		= {2007},
  month		= {August},
  volume	= {23},
  number	= {16},
  pages		= {2054--2062}
}

###Article{freyhult.b07,
  author	= {Freyhult, E. AND Moulton, V. AND Clote, P.},
  title		= {Boltzmann probability of {RNA} structural neighbors and
		  riboswitch detection.},
  journal	= {Bioinformatics},
  year		= {2007},
  month		= {August},
  volume	= {23},
  number	= {16},
  pages		= {2054--2062}
}

###Article{freyhult.b07,
  author	= {Freyhult, E. AND Moulton, V. AND Clote, P.},
  title		= {Boltzmann probability of {RNA} structural neighbors and
		  riboswitch detection.},
  journal	= {Bioinformatics},
  year		= {2007},
  month		= {August},
  volume	= {23},
  number	= {16},
  pages		= {2054--2062}
}

@Article{freyhult.nar07,
  author	= {Freyhult, E. AND Moulton, V. AND Clote, P.},
  title		= {{RNAbor}: a web server for {RNA} structural neighbors.},
  journal	= {Nucleic. Acids. Res.},
  year		= {2007},
  month		= {July},
  volume	= {35},
  number	= {Web},
  pages		= {W305--W309}
}

@PhDThesis{gabow,
  author	= {H. Gabow},
  title		= {Implementation of Algorithms for Maximum Matching on
		  Nonbipartite Graphs},
  year		= {1973},
  school	= {Stanford University},
  note		= {Department of Computer Science}
}

@Article{garcia.jbcbb13,
  author	= "Garcia-Martin, J.A. AND Clote, P. AND Dotu, I.",
  title		= "{RNAiFold}: A constraint programming algorithm for {RNA}
		  inverse folding and molecular design",
  journal	= "J Bioinform Comput Biol",
  volume	= "11",
  number	= "2",
  pages		= "1350001",
  year		= "2013",
  note		= "in press",
  keywords	= {clotePublications2012}
}

###Article{garcia.jbcbb13,
  author	= {Garcia-Martin, J.A. AND Clote, P. AND Dotu, I.},
  title		= {{RNAiFold}: A constraint programming algorithm for {RNA}
		  inverse folding and molecular design},
  journal	= {J Bioinform Comput Biol},
  year		= {2013},
  volume	= {11},
  number	= {2},
  pages		= {1350001},
  note		= {in press}
}

@Article{garciamartin.nar13,
  author	= {Garcia-Martin, J. A. AND Clote, P. AND Dotu, I.},
  title		= {{RNAiFold}: a web server for {RNA} inverse folding and
		  molecular design.},
  journal	= {Nucleic. Acids. Res.},
  year		= {2013},
  month		= {July},
  volume	= {41},
  number	= {Web},
  pages		= {W465--W470}
}

@Article{gardner.nar11,
  author	= {Gardner, P. P. AND Daub, J. AND Tate, J. AND Moore, B. L.
		  AND Osuch, I. H. AND Griffiths-Jones, S. AND Finn, R. D.
		  AND Nawrocki, E. P. AND Kolbe, D. L. AND Eddy, S. R. AND
		  Bateman, A.},
  title		= {Rfam: {Wikipedia}, clans and the "decimal" release.},
  journal	= {Nucleic. Acids. Res.},
  year		= {2011},
  month		= {January},
  volume	= {39},
  number	= {Database},
  pages		= {D141--D145}
}

###Article{gardner.nar11,
  author	= {Gardner, P. P. AND Daub, J. AND Tate, J. AND Moore, B. L.
		  AND Osuch, I. H. AND Griffiths-Jones, S. AND Finn, R. D.
		  AND Nawrocki, E. P. AND Kolbe, D. L. AND Eddy, S. R. AND
		  Bateman, A.},
  title		= {Rfam: {Wikipedia}, clans and the "decimal" release.},
  journal	= {Nucleic. Acids. Res.},
  year		= {2011},
  month		= {January},
  volume	= {39},
  number	= {Database},
  pages		= {D141--D145}
}

@Article{geis.jmb08,
  author	= {Geis, M. AND Flamm, C. AND Wolfinger, M. T. AND Tanzer, A.
		  AND Hofacker, I. L. AND Middendorf, M. AND Mandl, C. AND
		  Stadler, P. F. AND Thurner, C.},
  title		= {Folding kinetics of large {RNAs}.},
  journal	= {J. Mol. Biol.},
  year		= {2008},
  month		= {May},
  volume	= {379},
  number	= {1},
  pages		= {160--173}
}

###Article{geis.jmb08,
  author	= {Geis, M. AND Flamm, C. AND Wolfinger, M. T. AND Tanzer, A.
		  AND Hofacker, I. L. AND Middendorf, M. AND Mandl, C. AND
		  Stadler, P. F. AND Thurner, C.},
  title		= {Folding kinetics of large {RNAs}.},
  journal	= {J. Mol. Biol.},
  year		= {2008},
  month		= {May},
  volume	= {379},
  number	= {1},
  pages		= {160--173}
}

@Article{gerdes.arg97,
  author	= {Gerdes, K. AND Gultyaev, A. P. AND Franch, T. AND
		  Pedersen, K. AND Mikkelsen, N. D.},
  title		= {Antisense {RNA}-regulated programmed cell death.},
  journal	= {Annu. Rev. Genet.},
  year		= {1997},
  volume	= {31},
  pages		= {1--31}
}

@Article{gillespiestochasticsimulation1,
  author	= {D.T. Gillespie},
  title		= {A general method for numerically simulating the stochastic
		  time evolution of coupled chemical reactions},
  journal	= {J Comp Phys},
  year		= {1976},
  volume	= {22},
  number	= {403},
  pages		= {403--434}
}

@Article{gruber08,
  author	= {AR. Gruber and R.~Lorenz and SH. Bernhart and R. Neubock
		  and IL. Hofacker},
  title		= {The Vienna RNA websuite},
  journal	= {Nucleic Acids Research},
  year		= {2008},
  volume	= {36},
  pages		= {70--74}
}

@Article{hartigandiptest,
  author	= {J.A. Hartigan AND P.M. Hartigan},
  title		= {The Dip Test of Unimodality},
  journal	= {Ann. Statist.},
  year		= {1985},
  volume	= {13},
  number	= {1},
  pages		= {70--84}
}

@Article{highambarycentricinterpolation,
  author	= {Higham, N.},
  title		= {The numerical stability of barycentric {L}agrange
		  interpolation},
  journal	= {IMA J. Numer. Anal.},
  year		= {2004},
  volume	= {24},
  pages		= {547--556}
}

@Article{hobartner.jmb03,
  author	= {Hobartner, C. AND Micura, R.},
  title		= {Bistable secondary structures of small {RNAs} and their
		  structural probing by comparative imino proton {NMR}
		  spectroscopy.},
  journal	= {J. Mol. Biol.},
  year		= {2003},
  month		= {January},
  volume	= {325},
  number	= {3},
  pages		= {421--431}
}

@Article{hochrein.jacs13,
  author	= {Hochrein, L. M. AND Schwarzkopf, M. AND Shahgholi, M. AND
		  Yin, P. AND Pierce, N. A.},
  title		= {Conditional {Dicer} substrate formation via shape and
		  sequence transduction with small conditional {RNAs}.},
  journal	= {J. Am. Chem. Soc.},
  year		= {2013},
  month		= {November},
  volume	= {135},
  number	= {46},
  pages		= {17322--17330}
}

@InProceedings{hofacker:rnabor2d,
  author	= {Lorenz, R. AND Flamm, C. AND Hofacker, I.L.},
  title		= {2{D} Projections of {RNA} folding Landscapes},
  booktitle	= {German Conference on Bioinformatics 2009},
  editor	= {I. Grosse AND S. Neumann AND S. Posch AND F. Schreiber AND
		  P.F. Stadler},
  year		= {2009},
  series	= {Lecture Notes in Informatics},
  volume	= {157},
  pages		= {11--20}
}

###InProceedings{hofacker:rnabor2d,
  author	= {Lorenz, R. AND Flamm, C. AND Hofacker, I.L.},
  title		= {2{D} Projections of {RNA} folding Landscapes},
  booktitle	= {German Conference on Bioinformatics 2009},
  editor	= {I. Grosse AND S. Neumann AND S. Posch AND F. Schreiber AND
		  P.F. Stadler},
  year		= {2009},
  series	= {Lecture Notes in Informatics},
  volume	= {157},
  pages		= {11--20}
}

@Article{hofacker:viennawebserver,
  author	= {I.L. Hofacker},
  title		= {Vienna {RNA} secondary structure server},
  journal	= {Nucleic Acids Res.},
  year		= {2003},
  volume	= {31},
  pages		= {3429--3431}
}

@Article{huang.bb14,
  author	= {Huang, J. AND Voss, B.},
  title		= {Analysing {RNA}-kinetics based on folding space
		  abstraction.},
  journal	= {BMC. Bioinformatics},
  year		= {2014},
  volume	= {15},
  pages		= {60}
}

@Article{infernal,
  author	= {Nawrocki, Eric P. and Kolbe, Diana L. and Eddy, Sean R.},
  title		= {{Infernal 1.0: inference of {R}{N}{A} alignments}},
  journal	= {Bioinformatics},
  year		= {2009},
  url		= {http://bioinformatics.oxfordjournals.org/content/early/2009/03/23/bioinform%
		  atics.btp157.abstract}
}

@Article{knight.msb05,
  author	= {Knight, T. F.},
  title		= {Engineering novel life.},
  journal	= {Mol. Syst. Biol.},
  year		= {2005},
  volume	= {1},
  pages		= {2005--2020}
}

@Article{lagrangeinterpolation,
  author	= {Meijering, E.},
  title		= {A chronology of interpolation: from ancient astronomy to
		  modern signal and image processing},
  journal	= {Proceedings of the IEEE},
  year		= {2002},
  volume	= {90},
  number	= {3},
  pages		= {319--342},
  note		= {doi:10.1109/5.993400}
}

@Article{lai.r13,
  author	= {Lai, D. AND Proctor, J. R. AND Meyer, I. M.},
  title		= {On the importance of cotranscriptional {RNA} structure
		  formation.},
  journal	= {RNA.},
  year		= {2013},
  month		= {November},
  volume	= {19},
  number	= {11},
  pages		= {1461--1473}
}

@Book{lapack,
  author	= "E. Anderson AND Z. Bai AND C. Bischof AND S. Blackford AND
		  J. Demmel AND J. Dongarra AND J. Du Croz AND A. Greenbaum
		  AND S. Hammarling AND A. McKenney AND D. Sorensen",
  title		= "{LAPACK} {U}sers' {G}uide",
  year		= "1999",
  publisher	= "Society for Industrial and Applied Mathematics {SIAM}",
  city		= "Philadelphia",
  url		= "\url{http://classes.soe.ucsc.edu/ams213/Spring06/Lectures.html}"
}

@Article{lecuyercrothers,
  author	= {Lecuyer, K.A. AND Crothers, D.M.},
  title		= {The {L}eptomonas collosoma spliced leader {RNA} can switch
		  between two alternate structural forms},
  journal	= {Biochemistry},
  year		= {1993},
  volume	= {32(20)},
  pages		= {5301--5311}
}

###Article{lecuyercrothers,
  author	= {Lecuyer, K.A. AND Crothers, D.M.},
  title		= {The {L}eptomonas collosoma spliced leader {RNA} can switch
		  between two alternate structural forms},
  journal	= {Biochemistry},
  year		= {1993},
  volume	= {32(20)},
  pages		= {5301--5311}
}

@Article{li.bb12,
  author	= {Li, Y. AND Zhang, S.},
  title		= {Predicting folding pathways between {RNA} conformational
		  structures guided by {RNA} stacks.},
  journal	= {BMC. Bioinformatics},
  year		= {2012},
  volume	= {13},
  pages		= {S5}
}

@Article{lo.nar12,
  author	= {Lo, W. C. AND Wang, L. F. AND Liu, Y. Y. AND Dai, T. AND
		  Hwang, J. K. AND Lyu, P. C.},
  title		= {{CPred}: a web server for predicting viable circular
		  permutations in proteins.},
  journal	= {Nucleic. Acids. Res.},
  year		= {2012},
  month		= {July},
  volume	= {40},
  number	= {Web},
  pages		= {W232--W237}
}

@Article{lorenz.amb11,
  author	= {Lorenz, R. AND Bernhart, S. H. AND Honer Zu Siederdissen,
		  C. AND Tafer, H. AND Flamm, C. AND Stadler, P. F. AND
		  Hofacker, I. L.},
  title		= {ViennaRNA {Package} 2.0.},
  journal	= {Algorithms. Mol. Biol.},
  year		= {2011},
  volume	= {6},
  pages		= {26}
}

@Article{lowe.jcim11,
  author	= {Lowe, R. AND Mussa, H. Y. AND Mitchell, J. B. AND Glen, R.
		  C.},
  title		= {Classifying molecules using a sparse probabilistic kernel
		  binary classifier.},
  journal	= {J. Chem. Inf. Model.},
  volume	= {51},
  pages		= {1539--1544},
  year		= {2011},
  month		= jul,
  number	= {7},
  medline	= {21696153},
  keywords	= {rvmRVMrelevancevectormachine}
}

@Article{mandal.nsmb04,
  author	= {Mandal, M. AND Breaker, R. R.},
  title		= {Adenine riboswitches and gene activation by disruption of
		  a transcription terminator.},
  journal	= {Nat. Struct. Mol. Biol.},
  volume	= {11},
  pages		= {29--35},
  year		= {2004},
  month		= jan,
  number	= {1},
  medline	= {14718920},
  keywords	= {MandalBreakerAdenineRiboswitchesNatureriboswitch}
}

@Article{mandalboesebarrickwinklerbreaker,
  author	= {M. Mandal and B. Boese and J.E. Barrick and W.C. Winkler
		  and R.R. Breaker},
  title		= {Riboswitches control fundamental biochemical pathways in
		  {B}acillus subtilis and other bacteria},
  journal	= {Cell},
  year		= {2003},
  volume	= {113(5)},
  pages		= {577--586}
}

@Book{matrixtheory,
  author	= {Joel N. Franklin},
  title		= {Matrix Theory},
  year		= {2000},
  publisher	= {Dover Publications, Mineola, New York},
  note		= {292 pages}
}

@Article{mccaskill,
  author	= "J.S. McCaskill",
  title		= "The equilibrium partition function and base pair binding
		  probabilities for {RNA} secondary structure",
  journal	= "Biopolymers",
  volume	= "29",
  pages		= "1105--1119",
  year		= "1990"
}

@Article{metropolis:montecarlo,
  author	= {N. Metropolis and A.W. Rosenbluth and M.N. Rosenbluth and
		  A.H. Teller and E. Teller},
  title		= {Equation of state calculations by fast computing
		  machines},
  journal	= {J. Chem. Phys.},
  year		= {1953},
  volume	= {21},
  pages		= {1087--1092}
}

@Article{meyermfpt,
  author	= "C.D. Meyer",
  title		= "The role of the group inverse in the theory of finite
		  {M}arkov chains",
  journal	= "SIAM Rev.",
  year		= "1975",
  volume	= "17",
  number	= {46},
  pages		= "443--464"
}

###Article{meyermfpt,
  author	= {C.D. Meyer},
  title		= {The role of the group inverse in the theory of finite
		  {M}arkov chains},
  journal	= {SIAM Rev.},
  year		= {1975},
  volume	= {17},
  number	= {46},
  pages		= {443--464}
}

@Article{mitra.r11,
  author	= {Mitra, S. AND Laederach, A. AND Golden, B. L. AND Altman,
		  R. B. AND Brenowitz, M.},
  title		= {{RNA} molecules with conserved catalytic cores but
		  variable peripheries fold along unique energetically
		  optimized pathways.},
  journal	= {RNA.},
  year		= {2011},
  month		= {August},
  volume	= {17},
  number	= {8},
  pages		= {1589--1603}
}

@Article{morganhiggsbarrier,
  author	= {S.R. Morgan and P.G. Higgs},
  title		= {Barrier heights between ground states in a model of {RNA}
		  secondary structure},
  journal	= {J. Phys. A: Math. Gen.},
  year		= {1998},
  volume	= {31},
  pages		= {3153--3170}
}

###Article{morganhiggsbarrier,
  author	= {S.R. Morgan and P.G. Higgs},
  title		= {Barrier heights between ground states in a model of {RNA}
		  secondary structure},
  journal	= {J. Phys. A: Math. Gen.},
  year		= {1998},
  volume	= {31},
  pages		= {3153--3170}
}

@Article{moulton.jcb00,
  author	= {Moulton, V. AND Zuker, M. AND Steel, M. AND Pointon, R.
		  AND Penny, D.},
  title		= {Metrics on {RNA} secondary structures},
  journal	= {J. Comput. Biol.},
  year		= {2000},
  volume	= {7},
  pages		= {277--292}
}

@Article{neupane.nar11,
  author	= {Neupane, K. AND Yu, H. AND Foster, D. A. AND Wang, F. AND
		  Woodside, M. T.},
  title		= {Single-molecule force spectroscopy of the add adenine
		  riboswitch relates folding to regulatory mechanism.},
  journal	= {Nucleic. Acids. Res.},
  year		= {2011},
  month		= {September},
  volume	= {39},
  number	= {17},
  pages		= {7677--7687}
}

@Article{nussinovjacobson,
  author	= {R. Nussinov and A. B. Jacobson},
  title		= {Fast Algorithm for Predicting the Secondary Structure of
		  Single Stranded {RNA}},
  journal	= {Proceedings of the National Academy of Sciences, USA},
  year		= {1980},
  volume	= {77},
  number	= {11},
  pages		= {6309--6313}
}

###Article{nussinovjacobson,
  author	= {R. Nussinov and A. B. Jacobson},
  title		= {Fast Algorithm for Predicting the Secondary Structure of
		  Single Stranded {RNA}},
  journal	= {Proceedings of the National Academy of Sciences, USA},
  year		= {1980},
  volume	= {77},
  number	= {11},
  pages		= {6309--6313}
}

@Book{pascal:cometbook,
  author	= {Van Hentenryck, P.},
  title		= {{Constraint Satisfaction in Logic Programming}},
  year		= {1989},
  publisher	= {The MIT Press},
  address	= {Cambridge, MA}
}

@Article{rieder.pnas10,
  author	= {Rieder, U. AND Kreutz, C. AND Micura, R.},
  title		= {Folding of a transcriptionally acting pre{Q1}
		  riboswitch.},
  journal	= {Proc. Natl. Acad. Sci. U.S.A.},
  volume	= {107},
  pages		= {10804--10809},
  year		= {2010},
  month		= jun,
  number	= {24},
  medline	= {20534493},
  keywords	= {preQ1riboswitchMicura}
}

@Article{senter.jmb14,
  author	= {Senter, E. AND Dotu, I. AND Clote, P.},
  title		= {{RNA} folding pathways and kinetics using {2D} energy
		  landscapes},
  journal	= {J Math Biol},
  year		= {2014}
}

@Article{senter.po12,
  author	= {Senter, E. AND Sheikh, S. AND Dotu, I. AND Ponty, Y. AND
		  Clote, P.},
  title		= {Using the fast fourier transform to accelerate the
		  computational search for {RNA} conformational switches.},
  journal	= {PLoS. One.},
  year		= {2012},
  volume	= {7},
  number	= {12},
  pages		= {e50506}
}

@Article{shapiro.jmb01,
  author	= {Shapiro, B. A. AND Bengali, D. AND Kasprzak, W. AND Wu, J.
		  C.},
  title		= {{RNA} folding pathway functional intermediates: their
		  prediction and analysis.},
  journal	= {J. Mol. Biol.},
  year		= {2001},
  month		= {September},
  volume	= {312},
  number	= {1},
  pages		= {27--44}
}

@Article{shetty.jbe08,
  author	= {Shetty, R. P. AND Endy, D. AND Knight, Jr, T. F.},
  title		= {Engineering {BioBrick} vectors from {BioBrick} parts.},
  journal	= {J. Biol. Eng.},
  year		= {2008},
  volume	= {2},
  number	= {1},
  pages		= {5}
}

@Article{singh2009riboswitch,
  author	= {Singh, Payal and Bandyopadhyay, Pradipta and Bhattacharya,
		  Sudha and Krishnamachari, A. and Sengupta, Supratim},
  title		= {{Riboswitch Detection Using Profile Hidden Markov
		  Models}},
  journal	= {BMC Bioinformatics},
  year		= {2009},
  month		= {October},
  volume	= {10},
  number	= {1},
  pages		= {325+},
  url		= {http://dx.doi.org/10.1186/1471-2105-10-325},
  abstract	= {{BACKGROUND:Riboswitches are a type of noncoding {R}{N}{A}
		  that regulate gene expression by switching from one
		  structural conformation to another on ligand binding. The
		  various classes of riboswitches discovered so far are
		  differentiated by the ligand, which on binding induces a
		  conformational switch. Every class of riboswitch is
		  characterized by an aptamer domain, which provides the site
		  for ligand binding, and an expression platform that
		  undergoes conformational change on ligand binding. The
		  sequence and structure of the aptamer domain is highly
		  conserved in riboswitches belonging to the same class. We
		  propose a method for fast and accurate identification of
		  riboswitches using profile Hidden Markov Models (pHMM). Our
		  method exploits the high degree of sequence conservation
		  that characterizes the aptamer domain.RESULTS:Our method
		  can detect riboswitches in genomic databases rapidly and
		  accurately. Its sensitivity is comparable to the method
		  based on the Covariance Model (CM). For six out of ten
		  riboswitch classes, our method detects more than 99.5\% of
		  the candidates identified by the much slower CM method
		  while being several hundred times faster. For three
		  riboswitch classes, our method detects 97-99 of the
		  candidates relative to the CM method. Our method works very
		  well for those classes of riboswitches that are
		  characterized by distinct and conserved sequence
		  motifs.CONCLUSION:Riboswitches play a crucial role in
		  controlling the expression of several prokaryotic genes
		  involved in metabolism and transport processes. As more and
		  more new classes of riboswitches are being discovered, it
		  is important to understand the patterns of their intra and
		  inter genomic distribution. Understanding such patterns
		  will enable us to better understand the evolutionary
		  history of these genetic regulatory elements. However, a
		  complete picture of the distribution pattern of
		  riboswitches will emerge only after accurate identification
		  of riboswitches across genomes. We believe that the
		  riboswitch detection method developed in this paper will
		  aid in that process. The significant advantage in terms of
		  speed, of our pHMM-based approach over the method based on
		  CM allows us to scan entire databases (rather than 5'UTRs
		  only) in a relatively short period of time in order to
		  accurately identify riboswitch candidates.}}
}

@Article{sparseinterpolation1,
  author	= "E. Kaltofen AND W.-S. Lee",
  title		= "Early termination in sparse interpolation algorithms",
  journal	= "J Symbolic Comput",
  year		= "2003",
  volume	= "36",
  pages		= "365--400"
}

@Article{sparseinterpolation2,
  author	= "Y. N. Lakshman AND B. D. Saunders",
  title		= "Sparse polynomial interpolation in nonstandard bases",
  journal	= "SIAM J Comput",
  year		= "1995",
  volume	= "24",
  pages		= "387--397"
}

@Article{synthetichammerheads,
  author	= {I. Dotu and J.A. Garcia-Martin and B.L. Slinger and V.
		  Mechery and M.M. Meyer and P. Clote},
  title		= {Complete {RNA} inverse folding: computational design of
		  functional hammerhead ribozymes},
  journal	= {Nucleic Acids Res.},
  year		= {2014},
  volume	= {},
  pages		= {},
  note		= {in press}
}

@Article{tang.jcb05,
  author	= {Tang, X. AND Kirkpatrick, B. AND Thomas, S. AND Song, G.
		  AND Amato, N. M.},
  title		= {Using motion planning to study {RNA} folding kinetics.},
  journal	= {J. Comput. Biol.},
  year		= {2005},
  volume	= {12},
  number	= {6},
  pages		= {862--881}
}

@Article{tang.jmb08,
  author	= {Tang, X. AND Thomas, S. AND Tapia, L. AND Giedroc, D. P.
		  AND Amato, N. M.},
  title		= {Simulating {RNA} folding kinetics on approximated energy
		  landscapes.},
  journal	= {J. Mol. Biol.},
  year		= {2008},
  month		= {September},
  volume	= {381},
  number	= {4},
  pages		= {1055--1067}
}

###Article{tang.jmb08,
  author	= {Tang, X. AND Thomas, S. AND Tapia, L. AND Giedroc, D. P.
		  AND Amato, N. M.},
  title		= {Simulating {RNA} folding kinetics on approximated energy
		  landscapes.},
  journal	= {J. Mol. Biol.},
  year		= {2008},
  month		= {September},
  volume	= {381},
  number	= {4},
  pages		= {1055--1067}
}

@Article{thachuk.psb10,
  author	= {Thachuk, C. AND Manuch, J. AND Rafiey, A. AND Mathieson,
		  L. A. AND Stacho, L. AND Condon, A.},
  title		= {An algorithm for the energy barrier problem without
		  pseudoknots and temporary arcs.},
  journal	= {Pac Symp Biocomput.},
  year		= {2010:108-19},
  volume	= {0},
  number	= {O},
  pages		= {O}
}

@InProceedings{tipping03fastmarginal,
  author	= {Michael E. Tipping and Anita Faul and J J Thomson Avenue
		  and J J Thomson Avenue},
  title		= {Fast Marginal Likelihood Maximisation for Sparse Bayesian
		  Models},
  booktitle	= {Proceedings of the Ninth International Workshop on
		  Artificial Intelligence and Statistics},
  year		= {2003},
  pages		= {3--6}
}

@Article{tuckerbreaker:review,
  author	= {Tucker, B. J. AND Breaker, R. R.},
  title		= {Riboswitches as versatile gene control elements.},
  journal	= {Curr. Opin. Struct. Biol.},
  year		= {2005},
  month		= {June},
  volume	= {15},
  number	= {3},
  pages		= {342--348}
}

@Article{turner,
  author	= {Matthews, D.H. and Sabina, J. and Zuker, M. and Turner,
		  D.H.},
  title		= {Expanded sequence dependence of thermodynamic parameters
		  improves prediction of {RNA} secondary structure},
  journal	= {J. Mol. Biol.},
  year		= {1999},
  volume	= {288},
  pages		= {911--940}
}

###Article{turner,
  author	= {Matthews, D.H. and Sabina, J. and Zuker, M. and Turner,
		  D.H.},
  title		= {Expanded sequence dependence of thermodynamic parameters
		  improves prediction of {RNA} secondary structure},
  journal	= {J. Mol. Biol.},
  year		= {1999},
  volume	= {288},
  pages		= {911--940}
}

@Article{turner.nar10,
  author	= {Turner, D. H. AND Mathews, D. H.},
  title		= {{NNDB}: the nearest neighbor parameter database for
		  predicting stability of nucleic acid secondary structure.},
  journal	= {Nucleic. Acids. Res.},
  year		= {2010},
  month		= {January},
  volume	= {38},
  number	= {Database},
  pages		= {D280--D282}
}

@Article{vieregg.mp06,
  author	= {Vieregg, J. R. AND Tinoco, I.},
  title		= {Modelling {RNA} folding under mechanical tension.},
  journal	= {Mol. Phys.},
  year		= {2006},
  month		= {April},
  volume	= {104},
  number	= {8},
  pages		= {1343--1352}
}

@Article{voss.b04,
  author	= {Voss, B. AND Meyer, C. AND Giegerich, R.},
  title		= {Evaluating the predictability of conformational switching
		  in {RNA}},
  journal	= {Bioinformatics},
  year		= {2004},
  volume	= {20},
  number	= {10},
  pages		= {1573-1582}
}

###Article{voss.b04,
  author	= {Voss, B. AND Meyer, C. AND Giegerich, R.},
  title		= {Evaluating the predictability of conformational switching
		  in {RNA}},
  journal	= {Bioinformatics},
  year		= {2004},
  volume	= {20},
  number	= {10},
  pages		= {1573-1582}
}

@Article{wachsmuth.nar13,
  author	= {Wachsmuth, M. AND Findeiss, S. AND Weissheimer, N. AND
		  Stadler, P. F. AND Morl, M.},
  title		= {De novo design of a synthetic riboswitch that regulates
		  transcription termination.},
  journal	= {Nucleic. Acids. Res.},
  year		= {2013},
  month		= {February},
  volume	= {41},
  number	= {4},
  pages		= {2541--2551}
}

@Article{waldispuhl.pcb08,
  author	= {Waldispuhl, J. AND Devadas, S. AND Berger, B. AND Clote,
		  P.},
  title		= {Efficient algorithms for probing the {RNA} mutation
		  landscape.},
  journal	= {PLoS. Comput. Biol.},
  volume	= {4},
  pages		= {e1000124},
  year		= {2008},
  month		= aug,
  number	= {8},
  medline	= {18688270},
  keywords	= {RNAmutants}
}

@Article{waldispuhlpontyrecomb,
  author	= "J. Waldisp{\"u}hl AND Y. Ponty",
  title		= "An Unbiased Adaptive Sampling Algorithm for the
		  Exploration of {RNA} Mutational Landscapes Under
		  Evolutionary Pressure",
  journal	= "Journal of Computational Biology",
  year		= {2011},
  volume	= {18},
  number	= {11},
  pages		= {1465--1479}
}

@Article{waldminghaus.bc08,
  author	= {Waldminghaus, T. AND Kortmann, J. AND Gesing, S. AND
		  Narberhaus, F.},
  title		= {Generation of synthetic {RNA}-based thermosensors.},
  journal	= {Biol. Chem.},
  year		= {2008},
  month		= {October},
  volume	= {389},
  number	= {10},
  pages		= {1319--1326}
}

@Article{wapo2011,
  title		= {{An unbiased adaptive sampling algorithm for the
		  exploration of RNA mutational landscapes under evolutionary
		  pressure.}},
  author	= {Waldisp{\"u}hl, J{\'e}r{\^o}me and Ponty, Yann},
  publisher	= {Mary Ann Liebert},
  pages		= {1465-79},
  journal	= {Journal of Computational Biology},
  volume	= {18},
  number	= {11 },
  doi		= {10.1089/cmb.2011.0181 },
  year		= {2011},
  month		= nov
}

@Book{waterman:book,
  author	= {M.S. Waterman},
  title		= {Introduction to Computational Biology: {M}aps, Sequences
		  and Genomes},
  year		= {1995},
  publisher	= {Chapman \& Hall/CRC Press}
}

@Article{wolfingerstadler:kinetics,
  author	= {Wolfinger, M. and Svrcek-Seiler1, W.A. and Flamm, C. and
		  Stadler, P.F.},
  title		= {Efficient computation of {RNA} folding dynamics},
  journal	= {J Phys. A: {Math.} {G}en.},
  volume	= {37},
  pages		= {4731-4741},
  year		= {2004},
  keywords	= {kinetics}
}

###Article{wolfingerstadler:kinetics,
  author	= {Wolfinger, M. and Svrcek-Seiler1, W.A. and Flamm, C. and
		  Stadler, P.F.},
  title		= {Efficient computation of {RNA} folding dynamics},
  journal	= {J Phys. A: {Math.} {G}en.},
  year		= {2004},
  volume	= {37},
  pages		= {4731-4741}
}

@Article{wolynes.ptam05,
  author	= {Wolynes, P. G.},
  title		= {Energy landscapes and solved protein-folding problems.},
  journal	= {Philos. Transact. A. Math. Phys. Eng. Sci.},
  year		= {2005},
  month		= {February},
  volume	= {363},
  number	= {1827},
  pages		= {453--464}
}

@Article{woodside.cocb08,
  author	= {Woodside, M. T. AND Garcia-Garcia, C. AND Block, S. M.},
  title		= {Folding and unfolding single {RNA} molecules under
		  tension.},
  journal	= {Curr. Opin. Chem. Biol.},
  year		= {2008},
  month		= {December},
  volume	= {12},
  number	= {6},
  pages		= {640--646}
}

@Article{wuchty.b99,
  author	= {Wuchty, S. AND Fontana, W. AND Hofacker, I. L. AND
		  Schuster, P.},
  title		= {Complete suboptimal folding of {RNA} and the stability of
		  secondary structures},
  journal	= {Biopolymers},
  year		= {1999},
  volume	= {49},
  pages		= {145--165}
}

###Article{wuchty.b99,
  author	= {Wuchty, S. AND Fontana, W. AND Hofacker, I. L. AND
		  Schuster, P.},
  title		= {Complete suboptimal folding of {RNA} and the stability of
		  secondary structures},
  journal	= {Biopolymers},
  year		= {1999},
  volume	= {49},
  pages		= {145--165}
}

@Article{wuchtyfontanahofackerschuster,
  author	= {S. Wuchty and W. Fontana and I.L. Hofacker and P.
		  Schuster},
  title		= {Complete suboptimal folding of {RNA} and the stability of
		  secondary structures},
  journal	= {Biopolymers},
  year		= {1999},
  volume	= {49},
  pages		= {145--164}
}

@Article{xayaphoummine.nar05,
  author	= {Xayaphoummine, A. AND Bucher, T. AND Isambert, H.},
  title		= {Kinefold web server for {RNA}/{DNA} folding path and
		  structure prediction including pseudoknots and knots.},
  journal	= {Nucleic. Acids. Res.},
  year		= {2005},
  month		= {July},
  volume	= {33},
  number	= {Web},
  pages		= {W605--W610}
}

###Article{xayaphoummine.nar05,
  author	= {Xayaphoummine, A. AND Bucher, T. AND Isambert, H.},
  title		= {Kinefold web server for {RNA}/{DNA} folding path and
		  structure prediction including pseudoknots and knots.},
  journal	= {Nucleic. Acids. Res.},
  year		= {2005},
  month		= {July},
  volume	= {33},
  number	= {Web},
  pages		= {W605--W610}
}

@Article{xia:rna,
  author	= {T. Xia and J. SantaLucia, Jr. and M.E. Burkard and R.
		  Kierzek and S.J. Schroeder and X. Jiao and C. Cox and D.H.
		  Turner},
  title		= {Thermodynamic parameters for an expanded nearest-neighbor
		  model for formation of {RNA} duplexes with {W}atson-{C}rick
		  base pairs},
  journal	= {Biochemistry},
  year		= {1999},
  volume	= {37},
  pages		= {14719--35}
}

###Article{xia:rna,
  author	= {T. Xia and J. SantaLucia, Jr. and M.E. Burkard and R.
		  Kierzek and S.J. Schroeder and X. Jiao and C. Cox and D.H.
		  Turner},
  title		= {Thermodynamic parameters for an expanded nearest-neighbor
		  model for formation of {RNA} duplexes with {W}atson-{C}rick
		  base pairs},
  journal	= {Biochemistry},
  year		= {1999},
  volume	= {37},
  pages		= {14719--35}
}

@Article{zadeh.jcc11,
  author	= {Zadeh, J. N. AND Wolfe, B. R. AND Pierce, N. A.},
  title		= {Nucleic acid sequence design via efficient ensemble defect
		  optimization.},
  journal	= {J. Comput. Chem.},
  year		= {2011},
  month		= {February},
  volume	= {32},
  number	= {3},
  pages		= {439--452}
}

###Article{zadeh.jcc11,
  author	= {Zadeh, J. N. AND Wolfe, B. R. AND Pierce, N. A.},
  title		= {Nucleic acid sequence design via efficient ensemble defect
		  optimization.},
  journal	= {J. Comput. Chem.},
  year		= {2011},
  month		= {February},
  volume	= {32},
  number	= {3},
  pages		= {439--452}
}

@Book{zar:biostatistics,
  author	= {J.H. Zar},
  title		= {Biostatistical Analysis},
  year		= {1999},
  publisher	= {Prentice-Hall, Inc.}
}

@Article{zhao.bj10,
  author	= {Zhao, P. AND Zhang, W. B. AND Chen, S. J.},
  title		= {Predicting secondary structural folding kinetics for
		  nucleic acids.},
  journal	= {Biophys. J.},
  year		= {2010},
  month		= {April},
  volume	= {98},
  number	= {8},
  pages		= {1617--1625}
}

@Article{zhao.jcp11,
  author	= {Zhao, P. AND Zhang, W. AND Chen, S. J.},
  title		= {Cotranscriptional folding kinetics of ribonucleic acid
		  secondary structures.},
  journal	= {J. Chem. Phys.},
  year		= {2011},
  month		= {December},
  volume	= {135},
  number	= {24},
  pages		= {245101}
}

###Article{zhao.jcp11,
  author	= {Zhao, P. AND Zhang, W. AND Chen, S. J.},
  title		= {Cotranscriptional folding kinetics of ribonucleic acid
		  secondary structures.},
  journal	= {J. Chem. Phys.},
  year		= {2011},
  month		= {December},
  volume	= {135},
  number	= {24},
  pages		= {245101}
}

@article{ermolaeva:2000cl,
author = {Ermolaeva, Maria D and Khalak, Hanif G and White, Owen and Smith, Hamilton O and Salzberg, Steven L},
title = {{Prediction of transcription terminators in bacterial genomes}},
journal = {Journal of molecular biology},
year = {2000},
volume = {301},
number = {1},
pages = {27--33},
month = aug
}

@article{havgaard:2007ca,
author = {Havgaard, Jakob H and Torarinsson, Elfar and Gorodkin, Jan},
title = {{Fast Pairwise Structural RNA Alignments by Pruning of the Dynamical Programming Matrix}},
journal = {PLoS computational biology},
year = {2007},
volume = {3},
number = {10},
pages = {e193}
}

